<?xml version="1.0" encoding="UTF-8"?><collection xmlns="http://www.loc.gov/MARC21/slim"><record><leader>00388nam--2200133-i-4500</leader><controlfield tag="001">000036728</controlfield><controlfield tag="002">20161230</controlfield><controlfield tag="005">20161230201041</controlfield><controlfield tag="008">060222s1000------------r-----000-0-eng-d</controlfield><datafield ind1=" " ind2=" " tag="080"><subfield code="a">621(043)</subfield></datafield><datafield ind1=" " ind2=" " tag="100"><subfield code="a">Plosceanu, Barbu</subfield></datafield><datafield ind1=" " ind2=" " tag="245"><subfield code="a">Contributii la studiul dinamicii mecanismelor diferentiale. teza</subfield></datafield><datafield ind1=" " ind2=" " tag="260"><subfield code="a">Bucuresti, Inst.De Fiz.Si Tehnologia Materialelor, 1987, 173p</subfield></datafield><datafield ind1=" " ind2=" " tag="852"><subfield code="a">74485</subfield></datafield></record></collection>